<collection xmlns="http://www.loc.gov/MARC21/slim">
<record>
  <leader>01355nam0a2200289 i 450 </leader>
  <controlfield tag="001">IT\ICCU\CNCE\015427</controlfield>
  <controlfield tag="005">20090320000000.0</controlfield>
  <datafield tag="012" ind1=" " ind2=" ">
    <subfield code="a">e-e- o-r- uea- umns (C) 1581 (R)</subfield>
    <subfield code="2">fei</subfield>
  </datafield>
  <datafield tag="100" ind1=" " ind2=" ">
    <subfield code="a">19970101d1581        0itac0103    ba</subfield>
  </datafield>
  <datafield tag="101" ind1=" " ind2=" ">
    <subfield code="a">LAT</subfield>
  </datafield>
  <datafield tag="102" ind1=" " ind2=" ">
    <subfield code="a">IT</subfield>
  </datafield>
  <datafield tag="200" ind1="1" ind2=" ">
    <subfield code="a">Litterae s.d.n.d. Gregorii papae XIII. Facultatum redimenti captiuos Archiconfraternitati Confaloni de Urbe concessarum</subfield>
  </datafield>
  <datafield tag="210" ind1=" " ind2=" ">
    <subfield code="e">Romae</subfield>
    <subfield code="g">apud haeredes Antonij Bladij</subfield>
    <subfield code="h">Impressores Camerales</subfield>
    <subfield code="h">1581</subfield>
  </datafield>
  <datafield tag="215" ind1=" " ind2=" ">
    <subfield code="a">\2! c.</subfield>
    <subfield code="d">fol</subfield>
  </datafield>
  <datafield tag="300" ind1=" " ind2=" ">
    <subfield code="a">Data di emanazione: Roma, 28 maggio 1581</subfield>
  </datafield>
  <datafield tag="620" ind1=" " ind2=" ">
    <subfield code="a">IT</subfield>
    <subfield code="d">Roma</subfield>
  </datafield>
  <datafield tag="710" ind1="0" ind2="2">
    <subfield code="a">Arciconfraternita del Gonfalone</subfield>
    <subfield code="c"> &lt;Roma&gt;</subfield>
    <subfield code="3">3900</subfield>
  </datafield>
  <datafield tag="702" ind1=" " ind2="0">
    <subfield code="a">Gregorius</subfield>
    <subfield code="c"> &lt;papa</subfield>
    <subfield code="c"> ; 13.&gt;</subfield>
    <subfield code="3">IT\ICCU\CNCA\000020</subfield>
  </datafield>
  <datafield tag="712" ind1="0" ind2="0">
    <subfield code="a">Blado, Antonio - eredi</subfield>
    <subfield code="3">IT\ICCU\CNCT\000148</subfield>
    <subfield code="4">650</subfield>
  </datafield>
  <datafield tag="791" ind1="0" ind2="2">
    <subfield code="a">Archiconfraternitas Gonfalonis de Vrbe</subfield>
    <subfield code="3">3901</subfield>
    <subfield code="z">Arciconfraternita del Gonfalone &lt;Roma&gt;</subfield>
  </datafield>
  <datafield tag="791" ind1="0" ind2="2">
    <subfield code="a">Compagnia del Gonfalone</subfield>
    <subfield code="c"> &lt;Roma&gt;</subfield>
    <subfield code="3">8349</subfield>
    <subfield code="z">Arciconfraternita del Gonfalone &lt;Roma&gt;</subfield>
  </datafield>
  <datafield tag="790" ind1=" " ind2="1">
    <subfield code="a">Buoncompagni,</subfield>
    <subfield code="b">Ugo</subfield>
    <subfield code="3">IT\ICCU\CNCA\008198</subfield>
    <subfield code="z">Gregorius &lt;papa ; 13.&gt;</subfield>
  </datafield>
  <datafield tag="801" ind1=" " ind2="3">
    <subfield code="a">IT</subfield>
    <subfield code="b">ICCU</subfield>
    <subfield code="c">20201114</subfield>
  </datafield>
  <datafield tag="899" ind1=" " ind2=" ">
    <subfield code="a">Biblioteca Apostolica Vaticana. Citt ̉del Vaticano</subfield>
    <subfield code="1">EX0001</subfield>
    <subfield code="2">ZCV 01</subfield>
  </datafield>
  <datafield tag="899" ind1=" " ind2=" ">
    <subfield code="a">Biblioteca nazionale centrale. Roma</subfield>
    <subfield code="1">RM0267</subfield>
    <subfield code="2">BVE CR</subfield>
  </datafield>
  <datafield tag="899" ind1=" " ind2=" ">
    <subfield code="a">Biblioteca Casanatense. Roma</subfield>
    <subfield code="1">RM0313</subfield>
    <subfield code="2">RML 07</subfield>
  </datafield>
  <datafield tag="899" ind1=" " ind2=" ">
    <subfield code="a">Biblioteca dell&apos;Archivio di Stato di Roma. Roma</subfield>
    <subfield code="1">RM0459</subfield>
    <subfield code="2">RML 12</subfield>
  </datafield>
</record>
</collection>
